@article {Fisher1936,
author = {Fisher, R. A.},
title = {The use of multiple measurements in taxonomic problems},
journal = {Annals of Eugenics},
volume = {7},
number = {2},
publisher = {Blackwell Publishing Ltd},
issn = {2050-1439},
url = {http://dx.doi.org/10.1111/j.1469-1809.1936.tb02137.x},
doi = {10.1111/j.1469-1809.1936.tb02137.x},
pages = {179--188},
year = {1936},
}

@book{RoHart1973,
    author = {Ro, Duda and Pe, Hart},
    citeulike-article-id = {1055187},
    editor = {Wiley},
    keywords = {bibtex-import},
    posted-at = {2007-01-20 09:02:08},
    priority = {2},
    publisher = {Wiley},
    title = {Pattern Classification and Scene Analysis},
    year = {1973}
}

@ARTICLE{Dasarathy1980,
author={Dasarathy, B. V.},
journal={IEEE Transactions on Pattern Analysis and Machine Intelligence},
title={Nosing Around the Neighborhood: A New System Structure and Classification Rule for Recognition in Partially Exposed Environments},
year={1980},
volume={PAMI-2},
number={1},
pages={67-71},
keywords={Admittance;Artificial intelligence;Conferences;Data visualization;Learning systems;Nearest neighbor searches;Neural networks;Pattern recognition;Target recognition;Training data;Classifiers with reject option;nearest neighbor techniques;neighborhood census rule;optimum thresholds;pattern recognition under partial supervision;recognition system design},
doi={10.1109/TPAMI.1980.4766972},
ISSN={0162-8828},
month={Jan},}